@misc{chlon2025predictable,
    title={Predictable Compression Failures: Why Language Models Actually Hallucinate},
    author={Leon Chlon and Ahmed Karim and Maggie Chlon},
    year={2025},
    eprint={2509.11208},
    archivePrefix={arXiv},
    primaryClass={stat.ML}
}

@misc{kalai2025why,
    title={Why Language Models Hallucinate},
    author={Adam Tauman Kalai and Ofir Nachum and Santosh S. Vempala and Edwin Zhang},
    year={2025},
    eprint={2509.04664},
    archivePrefix={arXiv},
    primaryClass={cs.CL}
}
@misc{shojaee2025illusion,
    title={The Illusion of Thinking: Understanding the Strengths and Limitations of Reasoning Models via the Lens of Problem Complexity},
    author={Parshin Shojaee and Iman Mirzadeh and Keivan Alizadeh and Maxwell Horton and Samy Bengio and Mehrdad Farajtabar},
    year={2025},
    eprint={2506.06941},
    archivePrefix={arXiv},
    primaryClass={cs.AI},
    note={Version 2, revised July 18, 2025}
}
